@misc {vfunc,
    title={{V}ariadic Functions},
    howpublished="\url{https://en.wikipedia.org/wiki/Variadic_function}"
}